@book {Wahl,
 author = {A. M. Wahl},
 publisher = {Penton Publishing},
 title = {Mechanical Springs},
 year = {1944},
 edition = {First}
}

@book {OOP,
 author = {Peter Coad and Jill Nicola},
 publisher = {P T R Prentice Hall},
 title = {Object Oriented Programming},
 year = {1993},
 edition = {First}
}

@article{Paredes,
    author  = {M. Paredes and M. Sartor and A. Daidie},
    title   = {Advanced Assistance Tool for Optimal Compression Spring Design},
    year    = {2005},
    journal = {Engineering with Computers},

}

@article{Reliability,
    author  = {A. M. Naga Phani Sastry and B. K. Devaki Devi and K. Hemachandra Reddy and K. Madhava Reddy and V. Satish Kumar},
    title   = {Reliability Based Design Optimization of Helical Compression Spring using Probabilisitic Response Surface Methodology },
    year    = {2012},
    journal = {International Conference On Advances in Engineering},

}

@article{Robust,
    author  = {Hong Zhao and Gang Chen and Jun-zhe Zhou},
    title   = {The Robust Optimization Design for Cylindrical Helical Compression Spring},
    year    = {2012},
    journal = {Advanced Materials Research},
    volume  = {433-440},
    publisher = {Trans Tech Publications}

}

@article{Relaxation1,
    author  = {M. J. Siegel and D. P. Athans},
    title   = {Relaxation of Compression Springs at High Temperatures},
    year    = {1970},
    journal = {Transactions of the ASME},
}

@article{Relaxation2,
    author  = {V. Geinitz and M. Weib and U. Kletzin and P. Beyer},
    title   = {Relaxation of Helical Springs and Spring Steel Wire},
    year    = {2011},
    journal = {56th International Scientific Colloquium},
}

@article{Relaxation3,
    author  = {V. Kobelev},
    title   = {Relaxation and Creep in Twist and Flexure},
    year    = {2014},
    journal = {Multidiscipline Modeling in Materials and Structures},
}

@article{IMSM2010,
    author  = {M. R. Brake and J.E. Massad and B. Beheshti and J. Davis and R.C. Smith and K. Chowdhary and S. Wang},
    title   = {Uncertainty Enable Design of an Acceleration Switch},
    year    = {2011},
    journal = {Proceedings of ASME 2011 International Mechanical Engineering Congress and Exposition},
}

@article{Bioinformatics,
    author  = {Yvan Saeys and Inaki Inza and Pedro Larranaga},
    title   = {A Review of Feature Selection Techniques in Bioinformatics.},
    year    = {2007},
    journal = {Bioinformatics},
}

@article{Wrappers,
    author  = {Ron Kohavi and George H. John},
    title   = {Wrappers for Feature Subset Selection},
    year    = {1996},
    journal = {Artificial Intelligence},
}

@article{Error,
    author  = {Bin Liang and Sankaran Mahdevan},
    title   = {Error and Uncertainty Quantification and Sensitivity Analysis in Mechanics Computational Models},
    year    = {2003},
    journal = {International Journal for Uncertainty Quantification},
}


@book {Global,
 author = {A. Saltelli and Marco Ratto and Terry Andres and Francesca Campolongo and Jessica Cariboni and Debora Gatelli and Michaela Saisana and Stefano Tarantola},
 publisher = {John Wiley and Sons Ltd.},
 title = {Global Sensitivity Analysis: The Primer},
 year = {2008},
 edition = {First},
}







