@book {Wahl,
 author = {A. M. Wahl},
 publisher = {Penton Publishing},
 title = {Mechanical Springs},
 year = {1944},
 edition = {First}
}

@article{Paredes,
    author  = {M. Paredes and M. Sartor and A. Daidie},
    title   = {Advanced assistance tool for optimal compression spring design},
    year    = {2005},
    journal = {Engineering with Computers},
    volume  = {14},
    number  = {3},
    pages   = {342--351}
}


